@online{Blackboard_UK,
	author = {Blackboard UK},
	title = "{About Us}",
	date = "{No Date}",
	url = {https://www.blackboard.com/en-uk/about-us/our-purpose},
	note = "{Accessed: 05/05/2020}"
}


@online{Blackboard_Learn,
	author = {Blackboard UK},
	title = {Blackboard Learn},
	date = {No Date},
	url = {https://www.blackboard.com/en-uk/teaching-learning/learning-management/blackboard-learn},
	note = "{Accessed: 05/05/2020}"
}
